@inproceedings{hasochism,
 author = {Lindley, Sam and McBride, Conor},
 title = {Hasochism: The Pleasure and Pain of Dependently Typed Haskell Programming},
 booktitle = {Proceedings of the 2013 ACM SIGPLAN Symposium on Haskell},
 series = {Haskell '13},
 year = {2013},
 isbn = {978-1-4503-2383-3},
 location = {Boston, Massachusetts, USA},
 pages = {81--92},
 numpages = {12},
 doi = {10.1145/2503778.2503786},
 publisher = {ACM},
} 
@inproceedings{neighbors,
 author = {McBride, Conor},
 title = {How to Keep Your Neighbours in Order},
 booktitle = {Proceedings of the 19th ACM SIGPLAN International Conference on Functional Programming},
 series = {ICFP '14},
 year = {2014},
 isbn = {978-1-4503-2873-9},
 location = {Gothenburg, Sweden},
 pages = {297--309},
 numpages = {13},
 doi = {10.1145/2628136.2628163},
 acmid = {2628163},
 publisher = {ACM},
}
@inproceedings{agsy,
 author = {Lindblad, Fredrik and Benke, Marcin},
 title = {A Tool for Automated Theorem Proving in Agda},
 booktitle = {Proceedings of the 2004 International Conference on Types for Proofs and Programs},
 series = {TYPES'04},
 year = {2006},
 isbn = {3-540-31428-8, 978-3-540-31428-8},
 location = {Jouy-en-Josas, France},
 pages = {154--169},
 numpages = {16},
 doi = {10.1007/11617990_10},
 publisher = {Springer-Verlag},
}
@inproceedings{tyde16,
 author = {O'Connor, Liam},
 title = {Applications of Applicative Proof Search},
 booktitle = {Proceedings of the 1st International Workshop on Type-Driven Development},
 series = {TyDe 2016},
 year = {2016},
 isbn = {978-1-4503-4435-7},
 location = {Nara, Japan},
 pages = {43--55},
 numpages = {13},
 doi = {10.1145/2976022.2976030},
 publisher = {ACM},
} 
@inproceedings{haxl,
 author = {Marlow, Simon and Brandy, Louis and Coens, Jonathan and Purdy, Jon},
 title = {There is No Fork: An Abstraction for Efficient, Concurrent, and Concise Data Access},
 booktitle = {Proceedings of the 19th ACM SIGPLAN International Conference on Functional Programming},
 series = {ICFP '14},
 year = {2014},
 isbn = {978-1-4503-2873-9},
 location = {Gothenburg, Sweden},
 pages = {325--337},
 numpages = {13},
 doi = {10.1145/2628136.2628144},
 publisher = {ACM},
} 
@inproceedings{haxl2,
 author = {Dawson, Justin and Grebe, Mark and Gill, Andy},
 title = {Composable Network Stacks and Remote Monads},
 booktitle = {Proceedings of the 10th ACM SIGPLAN International Symposium on Haskell},
 series = {Haskell 2017},
 year = {2017},
 isbn = {978-1-4503-5182-9},
 location = {Oxford, UK},
 pages = {86--97},
 numpages = {12},
 doi = {10.1145/3122955.3122968},
 publisher = {ACM},
} 
@inproceedings{rip1,
 author = {Fischer, Michael J. and Ladner, Richard E.},
 title = {Propositional Modal Logic of Programs},
 booktitle = {Proceedings of the Ninth Annual ACM Symposium on Theory of Computing},
 series = {STOC '77},
 year = {1977},
 location = {Boulder, Colorado, USA},
 pages = {286--294},
 numpages = {9},
 doi = {10.1145/800105.803418},
 publisher = {ACM},
} 
@inproceedings{rip2,
 author = {Harel, David and Pratt, Vaughan R.},
 title = {Nondeterminism in Logics of Programs},
 booktitle = {Proceedings of the 5th ACM SIGACT-SIGPLAN Symposium on Principles of Programming Languages},
 series = {POPL '78},
 year = {1978},
 location = {Tucson, Arizona},
 pages = {203--213},
 numpages = {11},
 url = {http://doi.acm.org/10.1145/512760.512782},
 doi = {10.1145/512760.512782},
 acmid = {512782},
 publisher = {ACM},
 address = {New York, NY, USA},
}
@article{rip3, 
    title={Recursive program schemes: semantics and proof theory. Mathematical Centre tracts, no. 70},
   volume={44}, DOI={10.2307/2273307}, 
   number={4}, journal={Journal of Symbolic Logic},
    publisher={Cambridge University Press}, 
    author={W.P de Roever}, year={1979}, pages={658â€“659}}
@INPROCEEDINGS{rip4, 
author={Vaughan R. {Pratt}}, 
booktitle={17th Annual Symposium on Foundations of Computer Science}, 
series={SFCS '76},
title={Semantical consideration on Floyd-Hoare logic}, 
year={1976}, 
pages={109-121}, 
doi={10.1109/SFCS.1976.27}, 
ISSN={0272-5428}, 
month={Oct},}
@book{dijkstra,
 author = {Dijkstra, Edsger W.},
 title = {A Discipline of Programming},
 year = {1997},
 isbn = {013215871X},
 publisher = {Prentice Hall PTR},
 address = {Upper Saddle River, NJ, USA},
} 
@inproceedings{elab1,
 author = {Christiansen, David and Brady, Edwin},
 title = {Elaborator Reflection: Extending Idris in Idris},
 booktitle = {Proceedings of the 21st ACM SIGPLAN International Conference on Functional Programming},
 series = {ICFP 2016},
 year = {2016},
 isbn = {978-1-4503-4219-3},
 location = {Nara, Japan},
 pages = {284--297},
 numpages = {14},
 doi = {10.1145/2951913.2951932},
 publisher = {ACM},
} 
@article{leantac,
 author = {Ebner, Gabriel and Ullrich, Sebastian and Roesch, Jared and Avigad, Jeremy and de Moura, Leonardo},
 title = {A Metaprogramming Framework for Formal Verification},
 journal = {Proceedings of the ACM on Programming Languages},
 issue_date = {September 2017},
 volume = {1},
 number = {ICFP},
 month = aug,
 year = {2017},
 issn = {2475-1421},
 pages = {34:1--34:29},
 articleno = {34},
 numpages = {29},
 doi = {10.1145/3110278},
 publisher = {ACM},
} 
@book{Morgan,
 author = {Morgan, Carroll},
 title = {Programming from Specifications (2nd Ed.)},
 year = {1994},
 isbn = {0-13-123274-6},
 publisher = {Prentice Hall International Ltd.},
} 
@MISC{coq,
    author = {INRIA},
    title = {The Coq Proof Assistant Reference Manual},
    year = {2009}
}
@inproceedings{coqprogram,
 author = {Sozeau, Matthieu},
 title = {Subset Coercions in Coq},
 booktitle = {Proceedings of the 2006 International Conference on Types for Proofs and Programs},
 series = {TYPES'06},
 year = {2007},
 isbn = {3-540-74463-0, 978-3-540-74463-4},
 location = {Nottingham, UK},
 pages = {237--252},
 numpages = {16},
 acmid = {1789293},
 publisher = {Springer-Verlag},
} 
@InProceedings{pvs,
author="Owre, Sam
and Rushby, John.
and Shankar, Natarajan",
editor="Kapur, Deepak",
title="PVS: A prototype verification system",
booktitle="Proceedings of the 11th International Conference on Automated Deduction (CADE '11)",
year="1992",
publisher="Springer Berlin Heidelberg",
pages="748--752",
isbn="978-3-540-47252-0"
}
@InProceedings{dafny,
author="K. Rustan and M. Leino",
editor="Clarke, Edmund M.
and Voronkov, Andrei",
title="Dafny: An Automatic Program Verifier for Functional Correctness",
booktitle="Logic for Programming, Artificial Intelligence, and Reasoning",
year="2010",
publisher="Springer Berlin Heidelberg",
pages="348--370",
isbn="978-3-642-17511-4"
}
@InProceedings{whiley,
author="Pearce, David J.
and Groves, Lindsay",
editor="Erwig, Martin
and Paige, Richard F.
and Van Wyk, Eric",
title="Whiley: A Platform for Research in Software Verification",
booktitle="Software Language Engineering",
year="2013",
publisher="Springer International Publishing",
address="Cham",
pages="238--248",
isbn="978-3-319-02654-1"
}
@InProceedings{simpl,
author="Schirmer, Norbert",
editor="Baader, Franz
and Voronkov, Andrei",
title="A Verification Environment for Sequential Imperative Programs in Isabelle/HOL",
booktitle="Logic for Programming, Artificial Intelligence, and Reasoning",
year="2005",
publisher="Springer Berlin Heidelberg",
address="Berlin, Heidelberg",
pages="398--414",
abstract="We develop a general language model for sequential imperative programs together with a Hoare logic. We instantiate the framework with common programming language constructs and integrate it into Isabelle/HOL, to gain a usable and sound verification environment.",
isbn="978-3-540-32275-7"
}
@book{isabelle,
  author    = {Tobias Nipkow and Lawrence Paulson and Markus Wenzel},
  title     = {{Isabelle/HOL} --- A Proof Assistant for Higher-Order Logic},
  publisher = sv,
  series    = lncs,
  volume    = 2283,
  year      = 2002,
  doi       = {10.1007/3-540-45949-9},
  isbn      = {978-3-540-43376-7},
}
 
 
[download]
@inproceedings{cmem,
 author = {Tuch, Harvey and Klein, Gerwin and Norrish, Michael},
 title = {Types, Bytes, and Separation Logic},
 booktitle = {Proceedings of the 34th Annual ACM SIGPLAN-SIGACT Symposium on Principles of Programming Languages},
 series = {POPL '07},
 year = {2007},
 isbn = {1-59593-575-4},
 location = {Nice, France},
 pages = {97--108},
 numpages = {12},
 doi = {10.1145/1190216.1190234},
 acmid = {1190234},
 publisher = {ACM},
} 

  @inproceedings{csem,
    publisher        = {Springer},
    doi              = {10.1007/978-3-642-03359-9_34},
    author           = {Winwood, Simon and Klein, Gerwin and Sewell, Thomas and Andronick, June and Cock, David and Norrish,
                        Michael},
    month            = aug,
    editor           = {{S. Berghofer, T. Nipkow, C. Urban, M. Wenzel}},
    year             = {2009},
    keywords         = {sel4, isabelle, os verification, c},
    title            = {Mind the Gap: A Verification Framework for Low-Level {C}},
    booktitle        = {International Conference on Theorem Proving in Higher Order Logics},
    pages            = {500--515},
    address          = {Munich, Germany}
  }  
  @inproceedings{sel4,
 author = {Klein, Gerwin and Elphinstone, Kevin and Heiser, Gernot and Andronick, June and Cock, David and Derrin, Philip and Elkaduwe, Dhammika and Engelhardt, Kai and Kolanski, Rafal and Norrish, Michael and Sewell, Thomas and Tuch, Harvey and Winwood, Simon},
 title = {seL4: Formal Verification of an OS Kernel},
 booktitle = {Proceedings of the ACM SIGOPS 22Nd Symposium on Operating Systems Principles},
 series = {SOSP '09},
 year = {2009},
 isbn = {978-1-60558-752-3},
 location = {Big Sky, Montana, USA},
 pages = {207--220},
 numpages = {14},
 doi = {10.1145/1629575.1629596},
 acmid = {1629596},
 publisher = {ACM},
} 
@inproceedings{autocorres1,
    publisher        = {Springer},
    doi              = {10.1007/978-3-642-32347-8_8},
    author           = {Greenaway, David and Andronick, June and Klein, Gerwin},
    month            = aug,
    editor           = {{Lennart Beringer and Amy Felty}},
    year             = {2012},
    keywords         = {c verification, abstraction, refinement},
    title            = {Bridging the Gap: Automatic Verified Abstraction of {C}},
    booktitle        = {International Conference on Interactive Theorem Proving},
    pages            = {99--115},
    address          = {Princeton, New Jersey, USA}
}
@inproceedings{autocorres2,
 author = {Greenaway, David and Lim, Japheth and Andronick, June and Klein, Gerwin},
 title = {Don't Sweat the Small Stuff: Formal Verification of C Code Without the Pain},
 booktitle = {Proceedings of the 35th ACM SIGPLAN Conference on Programming Language Design and Implementation},
 series = {PLDI '14},
 year = {2014},
 isbn = {978-1-4503-2784-8},
 location = {Edinburgh, United Kingdom},
 pages = {429--439},
 numpages = {11},
 doi = {10.1145/2594291.2594296},
 acmid = {2594296},
 publisher = {ACM},
} 
@inproceedings{bedrock,
 author = {Chlipala, Adam},
 title = {The Bedrock Structured Programming System: Combining Generative Metaprogramming and Hoare Logic in an Extensible Program Verifier},
 booktitle = {Proceedings of the 18th ACM SIGPLAN International Conference on Functional Programming},
 series = {ICFP '13},
 year = {2013},
 isbn = {978-1-4503-2326-0},
 location = {Boston, Massachusetts, USA},
 pages = {391--402},
 numpages = {12},
 doi = {10.1145/2500365.2500592},
 acmid = {2500592},
 publisher = {ACM},
} 
@inproceedings{Swierstra,
 author = {Swierstra, Wouter},
 title = {A Hoare Logic for the State Monad},
 booktitle = {Proceedings of the 22nd International Conference on Theorem Proving in Higher Order Logics},
 series = {TPHOLs '09},
 year = {2009},
 isbn = {978-3-642-03358-2},
 location = {Munich, Germany},
 pages = {440--451},
 numpages = {12},
 doi = {10.1007/978-3-642-03359-9_30},
 acmid = {1616110},
 publisher = {Springer-Verlag},
} 
@Article{owickigries,
author="Owicki, Susan
and Gries, David",
title="An axiomatic proof technique for parallel programs",
journal="Acta Informatica",
year="1976",
month="Dec",
day="01",
volume="6",
number="4",
pages="319--340",
issn="1432-0525",
doi="10.1007/BF00268134",
}
@misc{ringsolver,
  author = {Jedynak, Wojciech},
  title = {Ring Solver for Agda},
  year = {2015},
  publisher = {GitHub},
  journal = {GitHub repository},
  howpublished = {\url{https://github.com/wjzz/Agda-reflection-for-semiring-solver}},
}
@InProceedings{agdaauto1,
author="Kokke, Pepijn
and Swierstra, Wouter",
editor="Hinze, Ralf and Voigtl{\"a}nder, Janis",
title="Auto in Agda",
booktitle="Mathematics of Program Construction",
year="2015",
publisher="Springer International Publishing",
address="Cham",
pages="276--301",
isbn="978-3-319-19797-5"
}

@misc{agdaauto3,
  author = {Allais, Guillaume},
  title = {Presburger Arithmetic Solver for Agda},
  year = {2015},
  publisher = {GitHub},
  journal = {GitHub repository},
  howpublished = {\url{https://github.com/gallais/agda-presburger}},
}

@INPROCEEDINGS{vcc, 
author={M. {Dahlweid} and M. {Moskal} and T. {Santen} and S. {Tobies} and W. {Schulte}}, 
booktitle={Proceedings of the 31st International Conference on Software Engineering (ICSE '09)}, 
title={VCC: Contract-based modular verification of concurrent C}, 
year={2009}, 
volume={}, 
number={}, 
pages={429-430}, 
doi={10.1109/ICSE-COMPANION.2009.5071046}, 
ISSN={}, 
month={May},}
@inproceedings{why3,
  author = {Jean-Christophe Filli\^atre and Andrei Paskevich},
  title = {Why3 --- Where Programs Meet Provers},
  booktitle = {Proceedings of the 22nd European Symposium on Programming},
  month = mar,
  year = 2013,
  volume = {7792},
  series = {Lecture Notes in Computer Science},
  publisher = {Springer},
  editor = {Matthias Felleisen and Philippa Gardner},
  pages = {125--128},
  hal = {http://hal.inria.fr/hal-00789533},
  topics = {team,lri},
  keywords = {Why3},
  type_publi = {icolcomlec},
  x-equipes = {demons PROVAL},
  x-type = {article},
  x-support = {actes},
  x-cle-support = {ESOP},
  x-editorial-board = {yes},
  x-international-audience = {yes}
}


@ARTICLE{pvsprogram, 
author={John {Rushby} and Sam {Owre} and Natarajan {Shankar}}, 
journal={IEEE Transactions on Software Engineering}, 
title={Subtypes for specifications: predicate subtyping in PVS}, 
year={1998}, 
volume={24}, 
number={9}, 
pages={709-720}, 
doi={10.1109/32.713327}, 
ISSN={0098-5589}, 
month={Sep.},
}
@inproceedings{instanceargs,
 author = {Devriese, Dominique and Piessens, Frank},
 title = {On the Bright Side of Type Classes: Instance Arguments in Agda},
 booktitle = {Proceedings of the 16th ACM SIGPLAN International Conference on Functional Programming},
 series = {ICFP '11},
 year = {2011},
 isbn = {978-1-4503-0865-6},
 location = {Tokyo, Japan},
 pages = {143--155},
 numpages = {13},
 doi = {10.1145/2034773.2034796},
 publisher = {ACM},
}
@inproceedings{typesbytes,
 author = {Tuch, Harvey and Klein, Gerwin and Norrish, Michael},
 title = {Types, Bytes, and Separation Logic},
 booktitle = {Proceedings of the 34th Annual ACM SIGPLAN-SIGACT Symposium on Principles of Programming Languages},
 series = {POPL '07},
 year = {2007},
 isbn = {1-59593-575-4},
 location = {Nice, France},
 pages = {97--108},
 numpages = {12},
 doi = {10.1145/1190216.1190234},
 publisher = {ACM},
} 
@article{hoare,
 author = {Hoare, C. A. R.},
 title = {An Axiomatic Basis for Computer Programming},
 journal = {Communications of the ACM},
 issue_date = {Oct. 1969},
 volume = {12},
 number = {10},
 month = oct,
 year = {1969},
 issn = {0001-0782},
 pages = {576--580},
 numpages = {5},
 doi = {10.1145/363235.363259},
 publisher = {ACM},
} 
@inproceedings{floyd,
        Address = {Providence},
        Author = {Floyd, Robert W.},
        Booktitle = {Proceedings of a Symposium on Applied Mathematics},
        Citeulike-Article-Id = {3483398},
        Citeulike-Linkout-0 = {http://www.eecs.berkeley.edu/\~{}necula/Papers/FloydMeaning.pdf},
        Editor = {Schwartz, J. T.},
        Keywords = {1967, mathematics, programming, proof},
        Organization = {American Mathematical Society},
        Pages = {19--31},
        Posted-At = {2008-11-05 21:57:01},
        Priority = {2},
        Series = {Mathematical Aspects of Computer Science},
        Title = {{Assigning Meanings to Programs}},
        Volume = {19},
        Year = {1967},
        Bdsk-Url-1 = {http://www.eecs.berkeley.edu/%5C~%7B%7Dnecula/Papers/FloydMeaning.pdf}}
@inproceedings{applicativedo,
 author = {Marlow, Simon and Peyton Jones, Simon and Kmett, Edward and Mokhov, Andrey},
 title = {Desugaring Haskell's Do-notation into Applicative Operations},
 booktitle = {Proceedings of the 9th International Symposium on Haskell},
 series = {Haskell 2016},
 year = {2016},
 isbn = {978-1-4503-4434-0},
 location = {Nara, Japan},
 pages = {92--104},
 numpages = {13},
 doi = {10.1145/2976002.2976007},
 publisher = {ACM},
} 
[download]
BibTeX | EndNote | ACM Ref
@inproceedings{hlist,
 author = {Kiselyov, Oleg and L\"{a}mmel, Ralf and Schupke, Keean},
 title = {Strongly Typed Heterogeneous Collections},
 booktitle = {Proceedings of the 2004 ACM SIGPLAN Workshop on Haskell},
 series = {Haskell '04},
 year = {2004},
 isbn = {1-58113-850-4},
 location = {Snowbird, Utah, USA},
 pages = {96--107},
 numpages = {12},
 doi = {10.1145/1017472.1017488},
 publisher = {ACM},
} 
@article{applicatives,
 author = {McBride, Conor and Paterson, Ross},
 title = {Applicative Programming with Effects},
 journal = {Journal of Functional Programming},
 issue_date = {January 2008},
 volume = {18},
 number = {1},
 month = jan,
 year = {2008},
 issn = {0956-7968},
 pages = {1--13},
 numpages = {13},
 doi = {10.1017/S0956796807006326},
 publisher = {Cambridge University Press},
}  